@inproceedings{Pre08,
  title={Last.fm Explorer: An Interactive Visualization of Hierarchical Time-Series Data ‚Äù},
  author={Maxwell A. Pretzlav},
  year={2008}
}

@inproceedings{Dan12,
  title={FmFinder: Search and filter your favorite songs},
  author={Dang, Tuan Nhon and Anand, Anushka and Wilkinson, Leland},
  booktitle={International Symposium on Visual Computing},
  pages={348--358},
  year={2012},
  organization={Springer}
}

@misc{Boe16,
    author={Geoff Boeing},
    title={Analyzing Last.fm Listening History},
    howpublished={\url{https://geoffboeing.com/2016/05/analyzing-lastfm-history/}},
    note={Accessed: 2019-03-24}
}

@misc{Spo18,
    title={Relive Your Year in Music With Spotify Wrapped 2018},
    howpublished={\url{https://newsroom.spotify.com/2018-12-06/relive-your-year-in-music-with-spotify-wrapped-2018/}},
    note={Accessed: 2019-03-24}
}